@inbook{carot_low_latency,
  author = {Car√¥t, Alexander},
  year   = {2000},
  month  = {01},
  title  = {Low Latency Audio Streaming for Internet-Based Musical Interaction},
  doi    = {10.4018/9781616928315.ch015}
}

@misc{cisco,
  author       = {},
  title        = {Troubleshooting and Debugging VoIP Call Basics - Cisco},
  howpublished = {https://www.cisco.com/c/en/us/support/docs/voice/h323/14081-voip-debugcalls.html},
  month        = {},
  year         = {},
  note         = {(Acessado em em 04/02/2021)}
}

@inproceedings{mcphearson,
  author = {Mcpherson, Andrew and Jack, Robert and Moro, Giulio},
  year   = {2016},
  month  = {07},
  pages  = {},
  title  = {Action-Sound Latency: Are Our Tools Fast Enough?}
}

@misc{lola,
  author       = {},
  title        = {LoLa},
  howpublished = {https://lola.conts.it/},
  month        = {},
  year         = {},
  note         = {(Acessado em 04/02/2021)}
}

@misc{soundjack,
  author       = {Howell, Ian},
  title        = {SoundJack: Comprehensive User Guide},
  howpublished = {https://www.ianhowellcountertenor.com/soundjack-comprehensive-user-guide},
  month        = {},
  year         = {},
  note         = {(Acessado em 04/02/2021)}
}

@misc{jamkazam,
  author       = {},
  title        = {JamKazam | Live, In-Sync Music Jamming Over the Internet},
  howpublished = {https://jamkazam.com/\#jamtracks},
  month        = {},
  year         = {},
  note         = {(Acessado em 04/02/2021)}
}

@misc{jammr,
  author       = {},
  title        = {How it works | jammr},
  howpublished = {https://jammr.net/howitworks.html},
  month        = {},
  year         = {},
  note         = {(Acessado em 04/02/2021)}
}

@misc{pubnub,
  author       = {},
  title        = {How Fast Is Realtime? Human Perception \& Technology | PubNub},
  howpublished = {https://www.pubnub.com/blog/how-fast-is-realtime-human-perception-and-technology/},
  month        = {},
  year         = {},
  note         = {(Acessado em 04/02/2021)}
}

@misc{rollback,
  author       = {},
  title        = {Netcode [p4]: Fightin' Words},
  howpublished = {\url{https://ki.infil.net/w02-netcode-p4.html}},
  month        = {},
  year         = {},
  note         = {(Acessado em 04/02/2021)}
}
